% E. Cuevas, D. Zaldivar, R. Rojas, Kalman filter for vision tracking, Tech. Rep., Freie Universität Berlin, technical Report B 05-12, August 2005.

@techreport{kalman,
    author = {E. Cuevas and D. Zaldivar and R. Rojas},
    title = {{Kalman Filter for Vision Tracking}},
    institution = {Freie Universität Berlin},
    number = {{B 05-12}},
    month = {August},
    year = {2005},
}

@techreport{particle,
    author = {E. Cuevas and D. Zaldivar and R. Rojas},
    title = {{Particle Filter in Vision Tracking}},
    institution = {Freie Universität Berlin},
    number = {{B 05-13}},
    month = {August},
    year = {2005},
}

@article{facedetection,
 author = {P. Viola and M. Jones},
 title = {{Robust Real-Time Face Detection}},
 journal = {International Journal of Computer Vision},
 volume = {57},
 number = {2},
 year = {2004},
 pages = {137--154},
 publisher = {Kluwer Academic Publishers},
 address = {Hingham, MA, USA},
 }
 
@inproceedings{hybrid, 
author={C. Yang and R. Duraiswami and L. Davis},
title={{Fast Multiple Object Tracking via a Hierarchical Particle Filter}}, 
booktitle ={{IEEE International Conference on Computer Vision}}, 
year={2005}, 
month={October}, 
volume={1}, 
pages={ 212-219}, 
}

@INPROCEEDINGS{haar, 
title={{A General Framework for Object Detection}}, 
author={C. P. Papageorgiou and M. Oren and T. Poggio}, 
booktitle={{IEEE International Conference on Computer Vision}}, 
year={1998}, 
month={January}, 
pages={555--562}, 
}


@INPROCEEDINGS{haar2,
    author = {R. Lienhart and J. Maydt},
    title = {{An Extended Set of Haar-Like Features for Rapid Object Detection}},
    booktitle = {IEEE International Conference on Computer Vision},
    year = {2002},
    pages = {900--903}
}

@article{haarpic,
author = {S. Karlsson and M. Taj and A. Cavallaro},
title = {{Detection and Tracking of Humans and Faces}},  
journal = {{European Association for Signal Processing Journal on Image and Video Processing}},
year = {2008}, 
}



