% E. Cuevas, D. Zaldivar, R. Rojas, Kalman filter for vision tracking, Tech. Rep., Freie Universität Berlin, technical Report B 05-12, August 2005.

@techreport{kalman,
    author = {E. Cuevas and D. Zaldivar and R. Rojas},
    title = {{Kalman Filter for Vision Tracking}},
    institution = {Freie Universität Berlin},
    number = {{B 05-12}},
    month = {August},
    year = {2005},
}

@techreport{particle,
    author = {E. Cuevas and D. Zaldivar and R. Rojas},
    title = {{Particle Filter in Vision Tracking}},
    institution = {Freie Universität Berlin},
    number = {{B 05-13}},
    month = {August},
    year = {2005},
}

@article{facedetection,
 author = {P. Viola and M. Jones},
 title = {{Robust Real-Time Face Detection}},
 journal = {International Journal of Computer Vision},
 volume = {57},
 number = {2},
 year = {2004},
 pages = {137--154},
 publisher = {Kluwer Academic Publishers},
 address = {Hingham, MA, USA},
 }
 
@inproceedings{hybrid, 
author={C. Yang and R. Duraiswami and L. Davis},
title={{Fast Multiple Object Tracking via a Hierarchical Particle Filter}}, 
booktitle ={{Tenth IEEE International Conference on Computer Vision}}, 
year={2005}, 
month={October}, 
volume={1}, 
pages={ 212-219}, 
}
